
@inproceedings{Smith2015,
	author = {Smith, Justin and Johnson, Brittany and Murphy-Hill, Emerson and Chu, Bill and Lipford, Heather Richter},
	title = {Questions Developers Ask While Diagnosing Potential Security Vulnerabilities with Static Analysis},
	booktitle = {Proceedings of the 2015 10th Joint Meeting on Foundations of Software Engineering},
	series = {ESEC/FSE 2015},
	year = {2015},
	isbn = {978-1-4503-3675-8},
	location = {Bergamo, Italy},
	pages = {248--259},
	numpages = {12},
	url = {http://doi.acm.org/10.1145/2786805.2786812},
	doi = {10.1145/2786805.2786812},
	acmid = {2786812},
	publisher = {ACM},
	keywords = {Developer questions, human factors, security, static analysis},
} 


@inproceedings{latoza2010hard,
	title={Hard-to-answer questions about code},
	author={LaToza, Thomas D and Myers, Brad A},
	booktitle={Evaluation and Usability of Programming Languages and Tools},
	pages={8},
	year={2010},
	organization={ACM}
}

@article{robillard2004investigate,
	author = {Martin P. Robillard and Wesley Coelho and Gail C. Murphy},
	title = {How Effective Developers Investigate Source Code: An Exploratory Study},
	journal ={IEEE Transactions on Software Engineering},
	volume = {30},
	number = {12},
	issn = {0098-5589},
	year = {2004},
	pages = {889-903},
	doi = {http://doi.ieeecomputersociety.org/10.1109/TSE.2004.101},
	publisher = {IEEE Computer Society},
	address = {Los Alamitos, CA, USA},
}